@article{Oliveira2020,
  title={Systematic Optimization of a Fragment-Based Force Field Against Experimental Pure-Liquid Properties Considering Large compound Families: {A}pplication to Saturated Haloalkanes},
  author={Oliveira, Marina P and Andrey, Maurice and Rieder, Salom\'e R and Kern, Leyla and Hahn, David F and Riniker, Sereina and Horta, Bruno AC and H\"unenberger, Philippe H},
  journal={J. Chem. Theory},
  volume={16},
  pages={7525--7555},
  year={2020},
}

@article{Oliveira2021,
  title={Systematic Optimization of a Fragment-Based Force Field Against Experimental Pure-Liquid Properties Considering Large compound Families: {A}pplication to Oxygen and Nitrogen Compounds},
  author={Oliveira, Marina P and H{\"u}nenberger, Philippe H},
  journal={Phys. Chem. Chem. Phys.},
  volume={23},
  pages={17774--17793},
  year={2021},
}

@article{Rieder2022,
  title={Development of an Open-Source Software for Isomer Enumeration},
  author={Rieder, Salomé R. and Oliveira, Marina P. and Riniker, Sereina and Hünenberger, Philippe H.},
  journal={J. Cheminform.},
  year={2022},
  note = {submitted}
}